@article{marheit1,
	title = {Image Processing for 2D Crystal Images},
	language = {English},
	journal = {Electron Crystallography of Soluble and Membrane Proteins, Methods in Molecular Biology,  Vol. 955, Chapter 10},
	year = {2012},
	author = {M Arheit and D Castano-Diez and R Thierry and B R Gipson and X Zeng and H Stahlberg},
}

@article{marheit2,
	title = {Merging of Image Data in Electron Crystallography},
	language = {English},
	journal = {Electron Crystallography of Soluble and Membrane Proteins, Methods in Molecular Biology,  Vol. 955, Chapter 10},
	year = {2012},
	author = {M Arheit and D Castano-Diez and R Thierry and P Abeyrathne and B R Gipson and H Stahlberg},
}

@article{marheit3,
	title = {Automation of Image Processing in Electron Crystallography},
	language = {English},
	journal = {Electron Crystallography of Soluble and Membrane Proteins, Methods in Molecular Biology,  Vol. 955, Chapter 10},
	year = {2012},
	author = {M Arheit and D Castano-Diez and R Thierry and B R Gipson and X Zeng and H Stahlberg},
}

@article{2dx_1,
	title = {2dx - User-friendly image processing for 2D crystals},
	language = {English},
	journal = {Journal of Structural Biology 157 64-72},
	year = {2006},
	author = {B Gipson and X Zeng and Z Y Zhang and H Stahlberg},
}

@article{2dx_2,
	title = {2dx\_merge: Data management and merging for 2D crystal images},
	language = {English},
	journal = {Journal of Structural Biology 160 375-384},
	year = {2007},
	author = {B Gipson and X Zeng and H Stahlberg},
}

@article{ctf,
	title = {Accurate determination of local defocus and specimen tilt in electron microscopy},
	language = {English},
	journal = {Journal of Structural Biology 142 34-47},
	year = {2003},
	author = {JA Mindell and N Grigorieff},
}

@article{ml1,
	title = {A maximum likelihood approach to two-dimensional crystals},
	language = {English},
	journal = {Journal of Structural Biology 160 362-374},
	year = {2007},
	author = {X Zeng and H Stahlberg and N Grigorieff},
}

@article{scherer2013single,
  title={Single particle 3D reconstruction for 2D crystal images of membrane proteins},
  author={Scherer, Sebastian and Arheit, Marcel and Kowal, Julia and Zeng, Xiangyan and Stahlberg, Henning},
  journal={Journal of structural biology},
  year={2013},
  publisher={Elsevier}
}



